<?xml version="1.0" encoding="UTF-8"?><collection xmlns="http://www.loc.gov/MARC21/slim"><record><leader>00465nam--2200145-i-4500</leader><controlfield tag="001">000043410</controlfield><controlfield tag="002">20161230</controlfield><controlfield tag="005">20161230201044</controlfield><controlfield tag="008">060222s1000------------r-----000-0-eng-d</controlfield><datafield ind1=" " ind2=" " tag="080"><subfield code="a">621.311.2:621.039</subfield></datafield><datafield ind1=" " ind2=" " tag="245"><subfield code="a">Systeme de dossiers de compte rendu relatifs a l`assurance de la qualite pour les centrales nucleaires. guide de surete</subfield></datafield><datafield ind1=" " ind2=" " tag="260"><subfield code="a">Vienne, Aiea, 1980. 33 P</subfield></datafield><datafield ind1=" " ind2=" " tag="490"><subfield code="a">Collection Securite</subfield><subfield code="v">vol. II</subfield></datafield><datafield ind1=" " ind2=" " tag="852"><subfield code="a">11497</subfield></datafield><datafield ind1=" " ind2=" " tag="CAT"><subfield code="a">Sys</subfield><subfield code="c">20080401</subfield><subfield code="h">112243</subfield></datafield></record></collection>